@article{A,
  title={新形势下计算机网络通信中存在的问题及改进策略},
  author={张杨},
  journal={电脑编程技巧与维护},
  number={24},
  pages={74-75},
  year={2016},
}
@article{B,
  title={计算机网络通信安全中数据加密技术的应用分析},
  author={廉士珍},
  journal={硅谷},
  number={19},
  pages={188},
}
@book{C,
  title={大学计算机基础教程},
  author={陆晶 and 程玮},
  year={2014},
}
@phdthesis{2018Android,
  title={Android系统的渗透测试综合平台研究},
  author={熊源远},
  school={武汉工程大学},
  year={2018},
}
@article{20195G,
  title={5G技术对网络空间安全的影响——兼论中美5G竞争},
  author={宫小飞},
  journal={信息安全与通信保密},
  year={2019},
}
@article{RokachMobile,
  title={Mobile security and privacy: Advances, challenges and future research directions},
  author={Rokach and Lior and Bettini and Claudio and Choo and Kim-Kwang and Raymond},
}
@book{Easttom2005Network,
  title={Network Defense and Countermeasures: Principles and Practices},
  author={Easttom, Chuck},
  year={2005},
}